@ARTICLE{bowman:reasoning,
	AUTHOR = "Mic Bowman and Saumya K. Debray and Larry L. Peterson",
	TITLE = "Reasoning About Naming Systems",
	JOURNAL = "ACM Trans. Program. Lang. Syst.",
	VOLUME = {15},
	NUMBER = {5},
	PAGES = {795-825},
	MONTH = "November",
	YEAR = {1993}	}

@ARTICLE{braams:babel,
	AUTHOR = "Johannes Braams",
	TITLE = "Babel, a Multilingual Style-Option System for Use with LaTeX's Standard Document Styles",
	JOURNAL = {TUGboat},
	VOLUME = {12},
	NUMBER = {2},
	PAGES = {291-301},
	MONTH = "June",
	YEAR = {1991}	}

@INPROCEEDINGS{clark:pct,
	AUTHOR = "Malcolm Clark",
	TITLE = "Post Congress Tristesse",
	BOOKTITLE = "TeX90 Conference Proceedings",
	PAGES = "84-89",
	ORGANIZATION = "TeX Users Group",
	MONTH = "March", 
	YEAR = {1991}	}

@ARTICLE{herlihy:methodology,
	AUTHOR = "Maurice Herlihy",
	TITLE = "A Methodology for Implementing Highly Concurrent
	Data Objects",
	JOURNAL = {ACM Trans. Program. Lang. Syst.},
	VOLUME = {15},
	NUMBER = {5},
	PAGES = {745-770},
	MONTH = "November",
	YEAR = {1993}	}

@article{franke1982scattered,
	title={Scattered data interpolation: Tests of some methods},
	author={Franke, Richard},
	journal={Mathematics of computation},
	volume={38},
	number={157},
	pages={181--200},
	year={1982}
}

@article{franke1982smooth,
	title={Smooth interpolation of scattered data by local thin plate splines},
	author={Franke, Richard},
	journal={Computers \& Mathematics with Applications},
	volume={8},
	number={4},
	pages={273--281},
	year={1982},
	publisher={Elsevier}
}

@article{floater1996multistep,
	title={Multistep scattered data interpolation using compactly supported radial basis functions},
	author={Floater, Michael S and Iske, Armin},
	journal={Journal of Computational and Applied Mathematics},
	volume={73},
	number={1},
	pages={65--78},
	year={1996},
	publisher={Elsevier}
}

@article{jeffrey2001using,
	title={Using spatial interpolation to construct a comprehensive archive of Australian climate data},
	author={Jeffrey, Stephen J and Carter, John O and Moodie, Keith B and Beswick, Alan R},
	journal={Environmental Modelling \& Software},
	volume={16},
	number={4},
	pages={309--330},
	year={2001},
	publisher={Elsevier}
}

@article{zhao2005improvements,
	title={Improvements of the MODIS terrestrial gross and net primary production global data set},
	author={Zhao, Maosheng and Heinsch, Faith Ann and Nemani, Ramakrishna R and Running, Steven W},
	journal={Remote sensing of Environment},
	volume={95},
	number={2},
	pages={164--176},
	year={2005},
	publisher={Elsevier}
}

@BOOK{Lamport:LaTeX,
	AUTHOR = "Leslie Lamport",
	TITLE = "LaTeX User's Guide and Document Reference Manual",
	PUBLISHER = "Addison-Wesley Publishing Company",
	ADDRESS = "Reading, Massachusetts",
	YEAR = "1986"	}

@BOOK{salas:calculus,
	AUTHOR = "S.L. Salas and Einar Hille",
	TITLE = "Calculus: One and Several Variable",
	PUBLISHER = "John Wiley and Sons",
	ADDRESS = "New York",
	YEAR = "1978"	}






